@incollection{Shah1978,
  doi = {10.1016/b978-0-12-020051-1.50012-7},
  year = {1978},
  publisher = {Elsevier},
  pages = {196--222},
  author = {R.K. Shah and A.L. London},
  title = {Rectangular Ducts},
  booktitle = {Laminar Flow Forced Convection in Ducts}
}

@inbook{Papanastasiou2021,
  chapter = {6.7.1},
  doi = {10.1201/9780367802424},
  year = {2021},
  publisher = {{CRC} Press},
  author = {Tasos Papanastasiou and Georgios Georgiou and Andreas N. Alexandrou},
  title = {Viscous Fluid Flow}
}

@article{Han1960,
  doi = {10.1115/1.3644015},
  year = {1960},
  publisher = {{ASME} International},
  volume = {27},
  number = {3},
  pages = {403--409},
  author = {L. S. Han},
  title = {Hydrodynamic Entrance Lengths for Incompressible Laminar Flow in Rectangular Ducts},
  journal = {Journal of Applied Mechanics}
}

@article{Formaggia2003,
author={Formaggia, Luca
and Lamponi, Daniele
and Quarteroni, Alfio},
title={One-dimensional models for blood flow in arteries},
journal={Journal of Engineering Mathematics},
year={2003},
volume={47},
number={3},
pages={251-276},
issn={1573-2703},
doi={10.1023/B:ENGI.0000007980.01347.29},
}
